@article{Blockage,
author = {Choi, Chang-Koon and Kwon, Dae Kun},
year = {1998},
month = {09},
pages = {351-364},
title = {Wind tunnel blockage effects on aerodynamic behavior of bluff body},
volume = {1},
journal = {Wind and Structures An International Journal},
doi = {10.12989/was.1998.1.4.351}
}

@article{dragcrisis,
  title={Flow past a cylinder: shear layer instability and drag crisis},
  author={Singh, SP and Mittal, SANJAY},
  journal={International journal for numerical methods in fluids},
  volume={47},
  number={1},
  pages={75--98},
  year={2005},
  publisher={Wiley Online Library}
}

@inproceedings{kremzow2020study,
  title={A study on the influencing factors regarding energy consumption of electric vehicles},
  author={Kremzow-Tennie, Simeon and Hellwig, Martin and Pautzke, Friedbert},
  booktitle={2020 21st International Conference on Research and Education in Mechatronics (REM)},
  pages={1--6},
  year={2020},
  organization={IEEE}
}

@book{hodges2015drag,
  title={Drag Manipulation Through Reversible Surface Dimpling and Ruffling},
  author={Hodges, TC and Seffen, Keith A},
  year={2015},
  publisher={Department of Engineering, University of Cambridge}
}

