% documents (pdf)

@article{paper,
  title={Numerical Investigation of the Rotor-Rotor
Aerodynamic Interaction for eVTOL
Aircraft Configurations},
  author={R. Piccinini, M. Tugnoli, A. Zanotti},
  journal={Energies},
  volume={13},
  number={22},
  year={2020},
}


%webs
@MISC{tesis,
title = {Experimental-Numerical Investigation
of the Aerodynamic Interaction between
Tandem Propellers in eVTOL Airplane Mode 
},
  author={D. Algarotti},
  journal={PoliTesis},
  year={2020-2021},
}

