%% This BibTeX bibliography file was created using BibDesk.
%% http://bibdesk.sourceforge.net/
% Encoding: UTF-8

@article{knuth74,
    author = {Knuth, Donald E.},
    title = {Computer Programming As an Art},
    journal = {Commun. ACM},
    year = {1974},
    pages = {667--673},
    numpages = {7},
    publisher = {ACM},
    address = {New York, NY, USA}
}

@article{knuth92,
    author = {Knuth, Donald E.},
    title = {Two notes on notation},
    journal = {Amer. Math. Monthly},
    volume = {99},
    year = {1992},
    pages = {403--422}
}

@book{lamport94,
    title = {LaTeX: A Document Preparation System},
    author = {Lamport, Leslie},
    year = {1994},
    publisher = {Pearson Education India}
}

@article{article,
  author  = {Peter Adams}, 
  title   = {The title of the work},
  journal = {The name of the journal},
  year    = 1993,
  number  = 2,
  pages   = {201-213},
  month   = 7,
  note    = {An optional note}, 
  volume  = 4
}

@book{book,
  author    = {Peter Babington}, 
  title     = {The title of the work},
  publisher = {The name of the publisher},
  year      = 1993,
  volume    = 4,
  series    = 10,
  address   = {The address},
  edition   = 3,
  month     = 7,
  note      = {An optional note},
  isbn      = {3257227892}
}

@booklet{booklet,
  title        = {The title of the work},
  author       = {Peter Caxton}, 
  howpublished = {How it was published},
  address      = {The address of the publisher},
  month        = 7,
  year         = 1993,
  note         = {An optional note}
}

@conference{conference,
  author       = {Peter Draper}, 
  title        = {The title of the work},
  booktitle    = {The title of the book},
  year         = 1993,
  editor       = {The editor},
  volume       = 4,
  series       = 5,
  pages        = 213,
  address      = {The address of the publisher},
  month        = 7,
  organization = {The organization},
  publisher    = {The publisher},
  note         = {An optional note}  
}

@inbook{inbook,
  author       = {Peter Eston}, 
  title        = {The title of the work},
  chapter      = 8,
  pages        = {201-213},
  publisher    = {The name of the publisher},
  year         = 1993,
  volume       = 4,
  series       = 5,
  address      = {The address of the publisher},
  edition      = 3,
  month        = 7,
  note         = {An optional note}
}

@incollection{incollection,
  author       = {Peter Farindon}, 
  title        = {The title of the work},
  booktitle    = {The title of the book},
  publisher    = {The name of the publisher},
  year         = 1993,
  editor       = {The editor},
  volume       = 4,
  series       = 5,
  chapter      = 8,
  pages        = {201-213},
  address      = {The address of the publisher},
  edition      = 3,
  month        = 7,
  note         = {An optional note}
}

@manual{manual,
  title        = {The title of the work},
  author       = {Peter Gainsford}, 
  organization = {The organization},
  address      = {The address of the publisher},
  edition      = 3,
  month        = 7,
  year         = 1993,
  note         = {An optional note}
}

@mastersthesis{mastersthesis,
  author       = {Peter Harwood}, 
  title        = {The title of the work},
  school       = {The school of the thesis},
  year         = 1993,
  address      = {The address of the publisher},
  month        = 7,
  note         = {An optional note}
}

@misc{misc,
  author       = {Peter Isley}, 
  title        = {The title of the work},
  howpublished = {How it was published},
  month        = 7,
  year         = 1993,
  note         = {An optional note}
}

@phdthesis{phdthesis,
  author       = {Peter Joslin}, 
  title        = {The title of the work},
  school       = {The school of the thesis},
  year         = 1993,
  address      = {The address of the publisher},
  month        = 7,
  note         = {An optional note}
}

@proceedings{proceedings,
  title        = {The title of the work},
  year         = 1993,
  editor       = {Peter Kidwelly},
  volume       = 4,
  series       = 5,
  address      = {The address of the publisher},
  month        = 7,
  organization = {The organization},
  publisher    = {The name of the publisher},
  note         = {An optional note}
}

@techreport{techreport,
  author       = {Peter Lambert}, 
  title        = {The title of the work},
  institution  = {The institution that published},
  year         = 1993,
  number       = 2,
  address      = {The address of the publisher},
  month        = 7,
  note         = {An optional note}
}

@unpublished{unpublished,
  author       = {Peter Marcheford}, 
  title        = {The title of the work},
  note         = {An optional note},
  month        = 7,
  year         = 1993
}

@online{online,
  author       = {MultiMedia LLC}, 
  title        = {{MS Windows NT} Kernel Description},
  year         = 1999,
  url          = {http://www.whateveritis.com},
  urldate      = {2010-09-30}
}

@patent{edison,
    title      = {Electric distribution system},
    author     = {Edison, Thomas A.},
    number     = {266793},
    type       = {patentus},
    date       = {1882-10-31}
}

@misc{bibtex,
  author       = {CTAN}, 
  title        = {{B}i{B}{T}e{X} Documentation},
  url          = {https://ctan.org/topic/bibtex-doc},
  year         = {2017}
}

@misc{tikz,
  author       = {CTAN}, 
  title        = {pgf – Create {P}ost{S}cript and {PDF} graphics in {TEX}},
  url          = {https://www.ctan.org/pkg/pgf}
}

@inproceedings{lee1984basic,
  title={Basic governing equations for the flight regimes of aeroassisted orbital transfer vehicles},
  author={Lee, J-H},
  booktitle={19th Thermophysics Conference},
  pages={1729},
  year={1984}
}

@book{gnoffo1989conservation,
  title={Conservation equations and physical models for hypersonic air flows in thermal and chemical nonequilibrium},
  author={Gnoffo, Peter A},
  volume={2867},
  year={1989},
  publisher={National Aeronautics and Space Administration, Office of Management~…}
}

@article{park1989assessment,
  title={Assessment of two-temperature kinetic model for ionizing air},
  author={Park, Chul},
  journal={Journal of thermophysics and heat transfer},
  volume={3},
  number={3},
  pages={233--244},
  year={1989}
}

@article{sarma2000physico,
  title={Physico--chemical modelling in hypersonic flow simulation},
  author={Sarma, GSR},
  journal={Progress in Aerospace Sciences},
  volume={36},
  number={3-4},
  pages={281--349},
  year={2000},
  publisher={Elsevier}
}

@article{blottner1969viscous,
  title={Viscous shock layer at the stagnation point with nonequilibrium air chemistry},
  author={Blottner, FG},
  journal={AIAA Journal},
  volume={7},
  number={12},
  pages={2281--2288},
  year={1969}
}

@techreport{dunn1973theoretical,
  title={Theoretical and experimental studies of reentry plasmas},
  author={Dunn, Michael G and Kang, S},
  year={1973},
  institution={NASA}
}

@article{park1988assessment,
  title={Assessment of a two-temperature kinetic model for dissociating and weakly ionizing nitrogen},
  author={Park, Chul},
  journal={Journal of Thermophysics and Heat Transfer},
  volume={2},
  number={1},
  pages={8--16},
  year={1988}
}

@inproceedings{park1991chemical,
  title={Chemical-kinetic problems of future NASA missions},
  author={Park, Chul and HOWE, JOHN and JAFFE, RICHARD and CANDLER, GRAHAM},
  booktitle={29th Aerospace Sciences Meeting},
  pages={464},
  year={1991}
}

@article{gupta1990review,
  title={A review of reaction rates and thermodynamic and transport properties for an 11-species air model for chemical and thermal nonequilibrium calculations to 30000 K},
  author={Gupta, Roop N and Yos, Jerrold M and Thompson, Richard A and Lee, Kam-Pui},
  year={1990}
}

@article{wang2017assessment,
  title={Assessment of chemical kinetic models on hypersonic flow heat transfer},
  author={Wang, XY and Yan, Chao and Zheng, YK and Li, EL},
  journal={International Journal of Heat and Mass Transfer},
  volume={111},
  pages={356--366},
  year={2017},
  publisher={Elsevier}
}

@article{walpot2012base,
  title={Base flow investigation of the Apollo AS-202 Command Module},
  author={Walpot, Louis MG and Wright, Michael J and Noeding, Peter and Schrijer, Ferry},
  journal={Progress in aerospace sciences},
  volume={48},
  pages={57--74},
  year={2012},
  publisher={Elsevier}
}

@article{wang2016laminar,
  title={Laminar and turbulent heating predictions for mars entry vehicles},
  author={Wang, Xiaoyong and Yan, Chao and Zheng, Weilin and Zhong, Kang and Geng, Yunfei},
  journal={Acta Astronautica},
  volume={128},
  pages={217--228},
  year={2016},
  publisher={Elsevier}
}

@article{hansen1958review,
  title={A review of the thermodynamic, transport, and chemical reaction rate properties of high-temperature air},
  author={Hansen, C Frederick and Heims, Steve P},
  year={1958}
}

@article{hao2016numerical,
  title={Numerical study of hypersonic flows over reentry configurations with different chemical nonequilibrium models},
  author={Hao, Jiaao and Wang, Jingying and Lee, Chunhian},
  journal={Acta Astronautica},
  volume={126},
  pages={1--10},
  year={2016},
  publisher={Elsevier}
}

@article{kim2021modification,
  title={Modification of chemical-kinetic parameters for 11-air species in re-entry flows},
  author={Kim, Jae Gang and Jo, Sung Min},
  journal={International Journal of Heat and Mass Transfer},
  volume={169},
  pages={120950},
  year={2021},
  publisher={Elsevier}
}

@article{helber2017determination,
  title={Determination of active nitridation reaction efficiency of graphite in inductively coupled plasma flows},
  author={Helber, Bernd and Turchi, Alessandro and Magin, Thierry E},
  journal={Carbon},
  volume={125},
  pages={582--594},
  year={2017},
  publisher={Elsevier}
}

@article{panerai2012characterization,
  title={Characterization of gas/surface interactions for ceramic matrix composites in high enthalpy, low pressure air flow},
  author={Panerai, Francesco and Chazot, Olivier},
  journal={Materials Chemistry and Physics},
  volume={134},
  number={2-3},
  pages={597--607},
  year={2012},
  publisher={Elsevier}
}

@article{del2023stochastic,
  title={Stochastic determination of thermal reaction rate coefficients for air plasmas},
  author={Del Val, Anabel and Chazot, Olivier},
  journal={The Journal of Chemical Physics},
  volume={159},
  number={6},
  year={2023},
  publisher={AIP Publishing}
}

@phdthesis{del2021bayesian,
  title={Bayesian calibration and assessment of gas-surface interaction models and experiments in atmospheric entry plasmas},
  author={del Val, Anabel},
  year={2021},
  school={Institut polytechnique de Paris; Ecole Polytechnique (Palaiseau, France~…}
}